<?xml version="1.0" encoding="UTF-8"?><collection xmlns="http://www.loc.gov/MARC21/slim"><record><leader>00378nam--2200145-i-4500</leader><controlfield tag="001">000006945</controlfield><controlfield tag="002">20161230</controlfield><controlfield tag="005">20161230201027</controlfield><controlfield tag="008">060222s1000------------r-----000-0-eng-d</controlfield><datafield ind1=" " ind2=" " tag="080"><subfield code="a">539.125.5.172</subfield></datafield><datafield ind1=" " ind2=" " tag="100"><subfield code="a">Caglioti,G./S.A.</subfield></datafield><datafield ind1=" " ind2=" " tag="245"><subfield code="a">Bibliografia  sulla diffrazione dei neutron</subfield></datafield><datafield ind1=" " ind2=" " tag="260"><subfield code="a">Maggio,Divisione Studi E Ricerche,1959. 27 P</subfield></datafield><datafield ind1=" " ind2=" " tag="490"><subfield code="a">Cn Bib</subfield></datafield><datafield ind1=" " ind2=" " tag="852"><subfield code="a">14687</subfield></datafield></record></collection>